@article{elbaz_investigation_2016,
	title = {Investigation of the effects of quarl and initial conditions on swirling non-premixed methane flames: {Flow} field, temperature, and species distributions},
	volume = {169},
	issn = {00162361},
	shorttitle = {Investigation of the effects of quarl and initial conditions on swirling non-premixed methane flames},
	url = {http://linkinghub.elsevier.com/retrieve/pii/S0016236115012685},
	doi = {10.1016/j.fuel.2015.12.015},
	language = {en},
	urldate = {2016-05-09},
	journal = {Fuel},
	author = {Elbaz, A.M. and Roberts, W.L.},
	month = apr,
	year = {2016},
	pages = {120--134},
	file = {Investigation of the effects of quarl and initial conditions on swirling non-premixed methane flames- Flow field, temperature, and species distributions.pdf:D\:\\Users\\arthur.degeneve\\AppData\\Roaming\\Zotero\\Zotero\\Profiles\\w1eyzk3i.default\\zotero\\storage\\BUMHN8GF\\Investigation of the effects of quarl and initial conditions on swirling non-premixed methane flames- Flow field, temperature, and species di.pdf:application/pdf}
}

@article{paul_jourdaine_nom_effect_2016,
	title = {{EFFECT} {OF} {QUARL} {ON} {N}2- {AND} {CO}2-{DILUTED} {METHANE} {OXY}-{FLAMES} {STABILIZED} {BY} {AN} {AXIAL}-{PLUS}-{TANGENTIAL} {SWIRLER}},
	author = {{Paul Jourdaine (Nom)}},
	month = jun,
	year = {2016},
	annote = {Article complet, voir description rapport},
	file = {GT2016-56953.pdf:D\:\\Users\\arthur.degeneve\\AppData\\Roaming\\Zotero\\Zotero\\Profiles\\w1eyzk3i.default\\zotero\\storage\\G77EWS2H\\GT2016-56953.pdf:application/pdf}
}

@article{t.c._claypole_effect_1981,
	edition = {Department of Mechanical Engineering and Energy Studies, University College, Newport Road, Cardiff},
	title = {The {Effect} {Of} {Swirl} {Burner} {Aerodynamics} {On} {Nox} {Formation}},
	journal = {Eighteenth Symposium (International) on Combustion},
	author = {{T.C. Claypole} and {N. Syred}},
	year = {1981},
	file = {1-s2.0-S0082078481800136-main.pdf:D\:\\Users\\arthur.degeneve\\AppData\\Roaming\\Zotero\\Zotero\\Profiles\\w1eyzk3i.default\\zotero\\storage\\2J6ZXR5T\\1-s2.0-S0082078481800136-main.pdf:application/pdf}
}

@article{fig_experimental_2016,
	title = {Experimental and numerical investigation of methane ignition and flame propagation in cylindrical tubes ranging from 5 to 71 cm – {Part} {I}: {Effects} of scaling from laboratory to large-scale field studies},
	volume = {41},
	issn = {09504230},
	shorttitle = {Experimental and numerical investigation of methane ignition and flame propagation in cylindrical tubes ranging from 5 to 71 cm – {Part} {I}},
	url = {http://linkinghub.elsevier.com/retrieve/pii/S0950423016300730},
	doi = {10.1016/j.jlp.2016.03.018},
	language = {en},
	urldate = {2016-05-04},
	journal = {Journal of Loss Prevention in the Process Industries},
	author = {Fig, Matt K. and Bogin, Gregory E. and Brune, Jürgen F. and Grubb, John W.},
	month = may,
	year = {2016},
	pages = {241--251},
	file = {scaleup_detonation_mine.pdf:D\:\\Users\\arthur.degeneve\\AppData\\Roaming\\Zotero\\Zotero\\Profiles\\w1eyzk3i.default\\zotero\\storage\\CZAMJHBU\\scaleup_detonation_mine.pdf:application/pdf}
}

@phdthesis{faivre_etude_2003,
	title = {Étude expérimentale et numérique du contrôle actif de jets dans des chambres de combustion},
	url = {http://ethesis.inp-toulouse.fr/archive/00000007/01/faivre.pdf?},
	urldate = {2016-06-06},
	school = {Institut National Polytechnique de Toulouse},
	author = {Faivre, Vincent},
	year = {2003},
	file = {faivre.pdf:D\:\\Users\\arthur.degeneve\\AppData\\Roaming\\Zotero\\Zotero\\Profiles\\w1eyzk3i.default\\zotero\\storage\\WXIX84KN\\faivre.pdf:application/pdf}
}

@article{toh_axial_2010,
	title = {Axial plus tangential entry swirling jet},
	volume = {48},
	issn = {0723-4864, 1432-1114},
	url = {http://link.springer.com/10.1007/s00348-009-0734-2},
	doi = {10.1007/s00348-009-0734-2},
	language = {en},
	number = {2},
	urldate = {2016-05-09},
	journal = {Experiments in Fluids},
	author = {Toh, Ing Kiet and Honnery, Damon and Soria, Julio},
	month = feb,
	year = {2010},
	pages = {309--325},
	annote = {Pose le problème du délicat calcul du swirl.
 
Nottament des formules de calcul du swirl sont bien plus poussées et approfondies que nul part ailleurs.
 
 
 },
	file = {art%3A10.1007%2Fs00348-009-0734-2.pdf:D\:\\Users\\arthur.degeneve\\AppData\\Roaming\\Zotero\\Zotero\\Profiles\\w1eyzk3i.default\\zotero\\storage\\A5WA4ZN3\\art%3A10.1007%2Fs00348-009-0734-2.pdf:application/pdf}
}

@misc{center_for_history_and_new_media_guide_????,
	title = {Guide rapide pour débuter},
	url = {http://zotero.org/support/quick_start_guide},
	author = {{Center for History and New Media}},
	annote = {Bienvenue dans Zotero !Visualiser le guide rapide pour apprendre et commencer à collecter, gérer, citer et partager vos sources de recherche.Merci d'avoir installé Zotero.}
}

@article{palies_combined_2010,
	title = {The combined dynamics of swirler and turbulent premixed swirling flames},
	volume = {157},
	issn = {00102180},
	url = {http://linkinghub.elsevier.com/retrieve/pii/S001021801000057X},
	doi = {10.1016/j.combustflame.2010.02.011},
	language = {en},
	number = {9},
	urldate = {2016-05-09},
	journal = {Combustion and Flame},
	author = {Palies, P. and Durox, D. and Schuller, T. and Candel, S.},
	month = sep,
	year = {2010},
	pages = {1698--1717},
	annote = {Enfin un article avec un swirl axial.
 
A noter un tableau qui résume plsieurs expériences de swirl axiaux/axiaux avec plusieurs moyens pour détemriner S},
	file = {1-s2.0-S001021801000057X-main.pdf:D\:\\Users\\arthur.degeneve\\AppData\\Roaming\\Zotero\\Zotero\\Profiles\\w1eyzk3i.default\\zotero\\storage\\B5PHR923\\1-s2.0-S001021801000057X-main.pdf:application/pdf}
}

@article{merlo_combustion_2014,
	title = {Combustion characteristics of methane–oxygen enhanced air turbulent non-premixed swirling flames},
	volume = {56},
	issn = {08941777},
	url = {http://linkinghub.elsevier.com/retrieve/pii/S0894177713002732},
	doi = {10.1016/j.expthermflusci.2013.11.019},
	language = {en},
	urldate = {2016-05-04},
	journal = {Experimental Thermal and Fluid Science},
	author = {Merlo, Nazim and Boushaki, Toufik and Chauveau, Christian and Persis, Stéphanie De and Pillier, Laure and Sarh, Brahim and Gökalp, Iskender},
	month = jul,
	year = {2014},
	pages = {53--60},
	file = {Combustion characteristics of methane-oxygen enhanced air turbulent non-premixed swirling flames.pdf:D\:\\Users\\arthur.degeneve\\AppData\\Roaming\\Zotero\\Zotero\\Profiles\\w1eyzk3i.default\\zotero\\storage\\AU5VSFVN\\Combustion characteristics of methane-oxygen enhanced air turbulent non-premixed swirling flames.pdf:application/pdf}
}

@article{paubel_flame_2007,
	title = {A flame stability diagram for piloted non-premixed oxycombustion of low calorific residual gases},
	volume = {31},
	issn = {15407489},
	url = {http://linkinghub.elsevier.com/retrieve/pii/S1540748906001003},
	doi = {10.1016/j.proci.2006.07.082},
	language = {en},
	number = {2},
	urldate = {2016-05-04},
	journal = {Proceedings of the Combustion Institute},
	author = {Paubel, X. and Cessou, A. and Honore, D. and Vervisch, L. and Tsiava, R.},
	month = jan,
	year = {2007},
	pages = {3385--3392},
	file = {Paubel_31thSymposium.pdf:D\:\\Users\\arthur.degeneve\\AppData\\Roaming\\Zotero\\Zotero\\Profiles\\w1eyzk3i.default\\zotero\\storage\\V2JIDGVN\\Paubel_31thSymposium.pdf:application/pdf}
}

@article{martinelli_experimental_2007,
	title = {Experimental analysis of the precessing vortex core in a free swirling jet},
	volume = {42},
	issn = {0723-4864, 1432-1114},
	url = {http://link.springer.com/10.1007/s00348-006-0230-x},
	doi = {10.1007/s00348-006-0230-x},
	language = {en},
	number = {6},
	urldate = {2016-05-04},
	journal = {Experiments in Fluids},
	author = {Martinelli, Fulvio and Olivani, Andrea and Coghe, Aldo},
	month = jun,
	year = {2007},
	pages = {827--839},
	annote = {A continuer de lire
 },
	file = {PIV_parametric_studyofRe_and_Swirl.pdf:D\:\\Users\\arthur.degeneve\\AppData\\Roaming\\Zotero\\Zotero\\Profiles\\w1eyzk3i.default\\zotero\\storage\\55QCSKMC\\PIV_parametric_studyofRe_and_Swirl.pdf:application/pdf}
}

@article{paubel_flame_2007-1,
	title = {A flame stability diagram for piloted non-premixed oxycombustion of low calorific residual gases},
	volume = {31},
	issn = {15407489},
	url = {http://linkinghub.elsevier.com/retrieve/pii/S1540748906001003},
	doi = {10.1016/j.proci.2006.07.082},
	language = {en},
	number = {2},
	urldate = {2016-05-17},
	journal = {Proceedings of the Combustion Institute},
	author = {Paubel, X. and Cessou, A. and Honore, D. and Vervisch, L. and Tsiava, R.},
	month = jan,
	year = {2007},
	pages = {3385--3392},
	annote = {Document d'Abou
 
Pas de règle de scale-up trouvée
Intéressant pour voir la forme de plein de flammes différentes},
	file = {Paubel_31thSymposium.pdf:D\:\\Users\\arthur.degeneve\\AppData\\Roaming\\Zotero\\Zotero\\Profiles\\w1eyzk3i.default\\zotero\\storage\\8RG7GIJA\\Paubel_31thSymposium.pdf:application/pdf}
}

@phdthesis{guiberti_analyse_2015,
	title = {Analyse de la topologie des flammes prémélangées swirlées confinées},
	url = {http://www.theses.fr/2015ECAP0014},
	urldate = {2016-05-04},
	school = {Châtenay-Malabry, Ecole centrale de Paris},
	author = {Guiberti, Thibault},
	year = {2015},
	file = {These_TGuiberti_2015.pdf:D\:\\Users\\arthur.degeneve\\AppData\\Roaming\\Zotero\\Zotero\\Profiles\\w1eyzk3i.default\\zotero\\storage\\UG9E2QH4\\These_TGuiberti_2015.pdf:application/pdf}
}

@article{durox_flame_2013,
	title = {Flame dynamics of a variable swirl number system and instability control},
	volume = {160},
	issn = {00102180},
	url = {http://linkinghub.elsevier.com/retrieve/pii/S0010218013000928},
	doi = {10.1016/j.combustflame.2013.03.004},
	language = {en},
	number = {9},
	urldate = {2016-05-04},
	journal = {Combustion and Flame},
	author = {Durox, Daniel and Moeck, Jonas P. and Bourgouin, Jean-François and Morenton, Pascal and Viallon, Marc and Schuller, Thierry and Candel, Sébastien},
	month = sep,
	year = {2013},
	pages = {1729--1742},
	annote = {La première partie est fondamentale car elle traite du problème pour calculer le nombre de swirl
 
Plusieurs équations sont testées pour retenir S=0.75 u(teta)/uz en le comparant à des profils LDV},
	file = {DUROX et al. - 2013 - Flame dynamics of a variable swirl number system and instability control-1 (1).pdf:D\:\\Users\\arthur.degeneve\\AppData\\Roaming\\Zotero\\Zotero\\Profiles\\w1eyzk3i.default\\zotero\\storage\\AVR3N5B2\\DUROX et al. - 2013 - Flame dynamics of a variable swirl number system and instability control-1 (1).pdf:application/pdf}
}

@article{milosavljevic_influence_1990,
	title = {The influence of burner geometry and flow rates on the stability and symmetry of swirl-stabilized nonpremixed flames},
	volume = {80},
	url = {http://www.sciencedirect.com/science/article/pii/001021809090127D},
	number = {2},
	urldate = {2016-05-09},
	journal = {Combustion and flame},
	author = {Milosavljevic, V. D. and Taylor, AMKP and Whitelaw, J. H.},
	year = {1990},
	pages = {196--208},
	annote = {Article TRES interessant, voici quelques conclusions :
 
1) La stabilité dépend fortement de la vitesse axiale et du swirl
 
2) Augmenter le reynolds et le swirl racourcissent la flamme
3) longueur de la CRZ indépendante du swirl et du reynolds, et peu de la géométrie du bruleur
4) Augmenter le reynolds ou le swirl restreint la limites de flammabilité (probablement car la chimie est à son maximum)},
	file = {The influence of burner geometry and flow rates on the stability and symmetry of swirl-stabilized nonpremixed flames.pdf:D\:\\Users\\arthur.degeneve\\AppData\\Roaming\\Zotero\\Zotero\\Profiles\\w1eyzk3i.default\\zotero\\storage\\SWVBQTB9\\The influence of burner geometry and flow rates on the stability and symmetry of swirl-stabilized nonpremixed flames.pdf:application/pdf}
}

@misc{weddell_mixing_1948,
	title = {{MIXING} {AND} {COMBUSTION} {IN} {TURBULENT} {GAS} {JETS}},
	publisher = {THIRD SYMPOSIUM ON COMBUSTION{\textasciitilde} FLAME AND EXPLOSION PHENOMENA},
	author = {{WEDDELL} and {HAWTHORNE} and {HOTTEL}},
	year = {1948},
	file = {1-s2.0-S1062289649800353-main.pdf:D\:\\Users\\arthur.degeneve\\AppData\\Roaming\\Zotero\\Zotero\\Profiles\\w1eyzk3i.default\\zotero\\storage\\IBHFHQ9D\\1-s2.0-S1062289649800353-main.pdf:application/pdf}
}

@article{anacleto_swirl_2003,
	title = {Swirl flow structure and flame characteristics in a model lean premixed combustor},
	volume = {175},
	issn = {0010-2202, 1563-521X},
	url = {http://www.tandfonline.com/doi/abs/10.1080/00102200302354},
	doi = {10.1080/00102200302354},
	language = {en},
	number = {8},
	urldate = {2016-05-04},
	journal = {Combustion Science and Technology},
	author = {Anacleto, P. M. and Fernandes, E. C. and Heitor, M. V. and Shtork, S. I.},
	month = aug,
	year = {2003},
	pages = {1369--1388},
	file = {Swirl flow structure and flame characteristics in a model lean premixed combustor.pdf:D\:\\Users\\arthur.degeneve\\AppData\\Roaming\\Zotero\\Zotero\\Profiles\\w1eyzk3i.default\\zotero\\storage\\DU9RNH6N\\Swirl flow structure and flame characteristics in a model lean premixed combustor.pdf:application/pdf}
}

@article{shigeru_azuhata_scale-up_study_of_gas_composition.pdf_1986,
	title = {Scale-up\_study\_of\_gas\_composition.pdf},
	journal = {Twenty-first Symposium (International) on Combustion/The Combustion Institute},
	author = {{SHIGERU AZUHATA} and {KIYOSHI NARATO} and {HIRONOBU KOBAYASHI} and {NORIO ARASHI}},
	year = {1986},
	annote = {Le scale-up marche bien si on évite le mélange entre les injections secondaires et tertiaires (??)},
	file = {Scale-up_study_of_gas_composition.pdf:D\:\\Users\\arthur.degeneve\\AppData\\Roaming\\Zotero\\Zotero\\Profiles\\w1eyzk3i.default\\zotero\\storage\\ZDQ99M93\\Scale-up_study_of_gas_composition.pdf:application/pdf}
}

@misc{k._covella_oxysyn-freiberg_2014,
	title = {{OxySyn}-{Freiberg} {Optisos}2014.pdf},
	publisher = {Air Liquide},
	author = {{K. Covella}},
	year = {2014},
	annote = {Le rapport Freiberg!
 
P pression influe pas
Lflamme diminue si S/C augmente },
	file = {atr18_optisos.pdf:D\:\\Users\\arthur.degeneve\\AppData\\Roaming\\Zotero\\Zotero\\Profiles\\w1eyzk3i.default\\zotero\\storage\\HKP75ZIZ\\atr18_optisos.pdf:application/pdf}
}

@article{peters_four_1997,
	title = {Four lectures on turbulent combustion},
	url = {http://www.itv.rwth-aachen.de/fileadmin/Downloads/Summerschools/SummerSchool97_ueberarbeitet.pdf},
	urldate = {2016-05-26},
	journal = {ER-COFTAC Summer School, Sept},
	author = {Peters, N.},
	year = {1997},
	pages = {15--19},
	file = {SummerSchool97_ueberarbeitet.pdf:D\:\\Users\\arthur.degeneve\\AppData\\Roaming\\Zotero\\Zotero\\Profiles\\w1eyzk3i.default\\zotero\\storage\\XDHP7MEF\\SummerSchool97_ueberarbeitet.pdf:application/pdf}
}

@article{choi_numerical_2007,
	title = {Numerical simulation of premixed chemical reactions with swirl},
	volume = {11},
	issn = {1364-7830, 1741-3559},
	url = {http://www.tandfonline.com/doi/abs/10.1080/13647830701256085},
	doi = {10.1080/13647830701256085},
	language = {en},
	number = {6},
	urldate = {2016-05-04},
	journal = {Combustion Theory and Modelling},
	author = {Choi, J. J. and Rusak, Z. and Kapila, A. K.},
	month = nov,
	year = {2007},
	pages = {863--887},
	annote = {Article qui étudie le swirl critique pouvant provoquer le breakdown (donc le backflow?) et la création d'une zone de recirculation?},
	file = {13647830701256085.pdf:D\:\\Users\\arthur.degeneve\\AppData\\Roaming\\Zotero\\Zotero\\Profiles\\w1eyzk3i.default\\zotero\\storage\\48SJ2383\\13647830701256085.pdf:application/pdf}
}

@inproceedings{rao_scale_1968,
	title = {Scale up of combustion pot behavior by dimensional analysis},
	url = {http://www.seas.columbia.edu/earth/wtert/sofos/nawtec/1968-National-Incinerator-Conference/1968-National-Incinerator-Conference-28.pdf},
	urldate = {2016-05-04},
	booktitle = {Proceedings of the 1968 {ASME} {National} {Incinerator} {Conference}, {American} {Society} of {Mechanical} {Engineers}},
	author = {Rao, TR SATYANARAYANA and Gelernter, G. and Essenhigh, R. H.},
	year = {1968},
	pages = {232--236},
	annote = {Du Vaschy lourd},
	file = {scale-up_vaschy.pdf:D\:\\Users\\arthur.degeneve\\AppData\\Roaming\\Zotero\\Zotero\\Profiles\\w1eyzk3i.default\\zotero\\storage\\9KIAFAEW\\scale-up_vaschy.pdf:application/pdf}
}

@article{merlo_combustion_2014-1,
	title = {Combustion characteristics of methane–oxygen enhanced air turbulent non-premixed swirling flames},
	volume = {56},
	issn = {08941777},
	url = {http://linkinghub.elsevier.com/retrieve/pii/S0894177713002732},
	doi = {10.1016/j.expthermflusci.2013.11.019},
	language = {en},
	urldate = {2016-05-09},
	journal = {Experimental Thermal and Fluid Science},
	author = {Merlo, Nazim and Boushaki, Toufik and Chauveau, Christian and Persis, Stéphanie De and Pillier, Laure and Sarh, Brahim and Gökalp, Iskender},
	month = jul,
	year = {2014},
	pages = {53--60},
	annote = {Swirler axiale avec formule du swirl, seule l'écoulement extérieur est swirlé.},
	file = {Combustion characteristics of methane-oxygen enhanced air turbulent non-premixed swirling flames.pdf:D\:\\Users\\arthur.degeneve\\AppData\\Roaming\\Zotero\\Zotero\\Profiles\\w1eyzk3i.default\\zotero\\storage\\59QKWGT4\\Combustion characteristics of methane-oxygen enhanced air turbulent non-premixed swirling flames.pdf:application/pdf}
}

@misc{hawthorne_mixing_????,
	title = {{MIXING} {AND} {COMBUSTION} {IN} {TURBULENT} {GAS} {JETS}},
	author = {{HAWTHORNE} and {WEDDELL} and {HOTTEL}},
	file = {1-s2.0-S1062289649800353-main (1).pdf:D\:\\Users\\arthur.degeneve\\AppData\\Roaming\\Zotero\\Zotero\\Profiles\\w1eyzk3i.default\\zotero\\storage\\HUXAPITW\\1-s2.0-S1062289649800353-main (1).pdf:application/pdf}
}

@misc{neil_fricker_ifrf_2001,
	title = {{IFRF} handbook (micro\_4).pdf},
	shorttitle = {{GEFGN} {Fiche} {Technique} {No} 1},
	abstract = {How do I calculate the length of a
gas flame?},
	publisher = {IFRF Online Combustion Handbook},
	author = {{Neil Fricker}},
	month = oct,
	year = {2001},
	file = {IFRF handbook (micro_4).pdf:D\:\\Users\\arthur.degeneve\\AppData\\Roaming\\Zotero\\Zotero\\Profiles\\w1eyzk3i.default\\zotero\\storage\\SDNMTXH7\\IFRF handbook (micro_4).pdf:application/pdf}
}

@article{mazas_effects_2011,
	title = {Effects of water vapor addition on the laminar burning velocity of oxygen-enriched methane flames},
	volume = {158},
	issn = {00102180},
	url = {http://linkinghub.elsevier.com/retrieve/pii/S001021801100160X},
	doi = {10.1016/j.combustflame.2011.05.014},
	language = {en},
	number = {12},
	urldate = {2016-05-04},
	journal = {Combustion and Flame},
	author = {Mazas, A.N. and Fiorina, B. and Lacoste, D.A. and Schuller, T.},
	month = dec,
	year = {2011},
	pages = {2428--2440},
	file = {mazas2011.pdf:D\:\\Users\\arthur.degeneve\\AppData\\Roaming\\Zotero\\Zotero\\Profiles\\w1eyzk3i.default\\zotero\\storage\\JIER6AAM\\mazas2011.pdf:application/pdf}
}